<record><leader>00000cas a22000007a 4500</leader><controlfield tag="001">11460048</controlfield><controlfield tag="008">841206d18631923njuwr ne      0    0eng d</controlfield><datafield ind1=" " ind2=" " tag="010"><subfield code="a">sn 84038722 </subfield></datafield><datafield ind1=" " ind2=" " tag="040"><subfield code="a">NPX</subfield><subfield code="b">eng</subfield><subfield code="c">NPX</subfield><subfield code="d">NPA</subfield><subfield code="d">NJW</subfield><subfield code="d">NVK</subfield><subfield code="d">OCL</subfield><subfield code="d">OCLCQ</subfield><subfield code="d">OCLCF</subfield><subfield code="d">OCLCO</subfield></datafield><datafield ind1=" " ind2=" " tag="042"><subfield code="a">msc</subfield></datafield><datafield ind1=" " ind2=" " tag="043"><subfield code="a">n-us-nj</subfield></datafield><datafield ind1="0" ind2="0" tag="245"><subfield code="a">South-Jersey Republican.</subfield></datafield><datafield ind1=" " ind2=" " tag="260"><subfield code="a">Hammonton, N.J. :</subfield><subfield code="b">H.E. Bowles</subfield></datafield><datafield ind1=" " ind2=" " tag="300"><subfield code="a">v. :</subfield><subfield code="b">ill. (chiefly advertisements)</subfield></datafield><datafield ind1=" " ind2=" " tag="310"><subfield code="a">Weekly</subfield></datafield><datafield ind1="1" ind2=" " tag="362"><subfield code="a">Began with Aug. 15, 1863 issue; ceased with June 1, 1923 issue.</subfield><subfield code="z">Cf. Wright, W.C. and Stellhorn, P.A. Direct of N.J. newspapers.</subfield></datafield><datafield ind1=" " ind2=" " tag="500"><subfield code="a">Published at Absecon, N.J., 1863-1866; at Hammonton, N.J., 1866-1923.</subfield></datafield><datafield ind1=" " ind2=" " tag="500"><subfield code="a">Publishers: Dorus B. Snow, 1863-1870; J.S. Cordery, &lt;1870&gt;; Potter &amp; Cordery, &lt;1871-1872&gt;; H.E. Bowles, M.D., 1872-1880.</subfield></datafield><datafield ind1=" " ind2=" " tag="500"><subfield code="a">Editors: Dorus B. Snow, 1863-1870; J.S. Cordery, 1870-1872; H.E. Bowles, M.D., 1872-1880.</subfield></datafield><datafield ind1=" " ind2=" " tag="500"><subfield code="a">"Republican."</subfield></datafield><datafield ind1=" " ind2=" " tag="530"><subfield code="a">Also issued on microfilm as part of the Civil War newspapers collection.</subfield></datafield><datafield ind1=" " ind2=" " tag="588"><subfield code="a">Description based on: Vol. 1, no. 6 (Sept. 19, 1863).</subfield></datafield><datafield ind1=" " ind2="0" tag="651"><subfield code="a">Hammonton (N.J.)</subfield><subfield code="v">Newspapers.</subfield></datafield><datafield ind1=" " ind2="0" tag="651"><subfield code="a">Absecon (N.J.)</subfield><subfield code="v">Newspapers.</subfield></datafield><datafield ind1=" " ind2="7" tag="655"><subfield code="a">Newspapers.</subfield><subfield code="2">fast</subfield><subfield code="0">(OCoLC)fst01423814</subfield></datafield><datafield ind1=" " ind2="7" tag="651"><subfield code="a">New Jersey</subfield><subfield code="z">Absecon.</subfield><subfield code="2">fast</subfield><subfield code="0">(OCoLC)fst01229880</subfield></datafield><datafield ind1=" " ind2="7" tag="651"><subfield code="a">New Jersey</subfield><subfield code="z">Hammonton.</subfield><subfield code="2">fast</subfield><subfield code="0">(OCoLC)fst01233950</subfield></datafield><datafield ind1=" " ind2=" " tag="752"><subfield code="a">United States</subfield><subfield code="b">New Jersey</subfield><subfield code="c">Atlantic</subfield><subfield code="d">Hammonton.</subfield></datafield><datafield ind1=" " ind2=" " tag="752"><subfield code="a">United States</subfield><subfield code="b">New Jersey</subfield><subfield code="c">Atlantic</subfield><subfield code="d">Absecon.</subfield></datafield><datafield ind1="0" ind2="7" tag="785"><subfield code="t">South Jersey star</subfield></datafield><datafield ind1="0" ind2="7" tag="785"><subfield code="t">Hammonton news</subfield></datafield></record>